{"zur_usd":[{"type":"bid","price":0.00010099,"amount":1996.45340819,"tid":200000974,"timestamp":1666361910},{"type":"bid","price":0.00010098,"amount":9171.15125326,"tid":200000973,"timestamp":1666361909},{"type":"ask","price":0.000084,"amount":290.56499273,"tid":200000972,"timestamp":1665227578},{"type":"ask","price":0.00008409,"amount":1190.39124747,"tid":200000971,"timestamp":1665227578},{"type":"ask","price":0.00009644,"amount":1617.81145702,"tid":200000970,"timestamp":1665154896},{"type":"ask","price":0.0001,"amount":2496.07841135,"tid":200000969,"timestamp":1665154894},{"type":"ask","price":0.0001,"amount":5522.19907097,"tid":200000968,"timestamp":1665154892},{"type":"ask","price":0.0001,"amount":1981.72251768,"tid":200000967,"timestamp":1665154889},{"type":"ask","price":0.00010099,"amount":990.19714823,"tid":200000966,"timestamp":1665154889},{"type":"ask","price":0.00010099,"amount":1005.11498564,"tid":200000965,"timestamp":1665154889},{"type":"ask","price":0.00010249,"amount":9171.15125326,"tid":200000964,"timestamp":1663185371},{"type":"bid","price":0.00040043,"amount":11671.63791985,"tid":200000963,"timestamp":1660988117},{"type":"bid","price":0.00039094,"amount":13497.9753037,"tid":200000962,"timestamp":1660988117},{"type":"bid","price":0.00030561,"amount":7673.81184,"tid":200000961,"timestamp":1660988117},{"type":"bid","price":0.00030555,"amount":1166.48348163,"tid":200000960,"timestamp":1660988117},{"type":"bid","price":0.00030545,"amount":3989.31565684,"tid":200000959,"timestamp":1660988116},{"type":"bid","price":0.00030545,"amount":3998.9336177,"tid":200000958,"timestamp":1660988116},{"type":"bid","price":0.00030545,"amount":4665.42255397,"tid":200000957,"timestamp":1660988116},{"type":"bid","price":0.00030545,"amount":4577.95734334,"tid":200000956,"timestamp":1660988116},{"type":"ask","price":0.00015,"amount":1000,"tid":200000955,"timestamp":1653662843},{"type":"ask","price":0.00015003,"amount":3998.9336177,"tid":200000954,"timestamp":1653662843},{"type":"ask","price":0.00015003,"amount":4665.42255398,"tid":200000953,"timestamp":1653662843},{"type":"ask","price":0.00015003,"amount":666.53342664,"tid":200000952,"timestamp":1653662843},{"type":"ask","price":0.00017361,"amount":576.00374402,"tid":200000951,"timestamp":1653662709},{"type":"ask","price":0.000198,"amount":5050.50535353,"tid":200000950,"timestamp":1652990850},{"type":"ask","price":0.000198,"amount":18120.0314811,"tid":200000949,"timestamp":1652990850},{"type":"ask","price":0.00020002,"amount":499.95005499,"tid":200000948,"timestamp":1652990850},{"type":"ask","price":0.00020003,"amount":13497.9753037,"tid":200000947,"timestamp":1652990850},{"type":"ask","price":0.0002313,"amount":4303.2324347,"tid":200000946,"timestamp":1652576617},{"type":"ask","price":0.00023132,"amount":4323.0157,"tid":200000945,"timestamp":1652576617},{"type":"ask","price":0.00023132,"amount":5393.74326,"tid":200000944,"timestamp":1652576617},{"type":"ask","price":0.00023133,"amount":10738.71767619,"tid":200000943,"timestamp":1652576617},{"type":"ask","price":0.00023133,"amount":932.92024366,"tid":200000942,"timestamp":1652548355},{"type":"ask","price":0.00023269,"amount":3989.31565685,"tid":200000941,"timestamp":1651651255},{"type":"ask","price":0.0002327,"amount":482.11817648,"tid":200000940,"timestamp":1651651255},{"type":"ask","price":0.0002327,"amount":2769.46888888,"tid":200000939,"timestamp":1651626227},{"type":"ask","price":0.0002327,"amount":551.0535,"tid":200000938,"timestamp":1651622199},{"type":"ask","price":0.0002327,"amount":1118.27994117,"tid":200000937,"timestamp":1651572176},{"type":"ask","price":0.0002327,"amount":2935.30588235,"tid":200000936,"timestamp":1651572133},{"type":"ask","price":0.0002327,"amount":488.30742857,"tid":200000935,"timestamp":1651522571},{"type":"ask","price":0.0002327,"amount":3258.3884,"tid":200000934,"timestamp":1651518418},{"type":"ask","price":0.00020284,"amount":1000,"tid":200000933,"timestamp":1646743199},{"type":"bid","price":0.00029652,"amount":4276.1845,"tid":200000932,"timestamp":1646424612},{"type":"bid","price":0.00031751,"amount":4276.1845,"tid":200000931,"timestamp":1646353387},{"type":"bid","price":0.00079981,"amount":1236.54931517,"tid":200000930,"timestamp":1645051975},{"type":"bid","price":0.00079223,"amount":1333.24445037,"tid":200000929,"timestamp":1645051975},{"type":"bid","price":0.0007922,"amount":1555.45185876,"tid":200000928,"timestamp":1645051975},{"type":"bid","price":0.00079219,"amount":737.1,"tid":200000927,"timestamp":1645051975},{"type":"bid","price":0.00019803,"amount":50000,"tid":200000926,"timestamp":1643071014},{"type":"bid","price":0.00019803,"amount":25011.55456245,"tid":200000925,"timestamp":1643070944},{"type":"bid","price":0.00019803,"amount":8928,"tid":200000924,"timestamp":1643070943},{"type":"bid","price":0.00019803,"amount":15000,"tid":200000923,"timestamp":1643070943},{"type":"ask","price":0.00019803,"amount":555.47139322,"tid":200000922,"timestamp":1643070942},{"type":"ask","price":0.00019803,"amount":504.97404433,"tid":200000921,"timestamp":1643070942},{"type":"ask","price":0.00023941,"amount":1856,"tid":200000920,"timestamp":1643069903},{"type":"bid","price":0.00024041,"amount":1729.75228388,"tid":200000919,"timestamp":1643069653},{"type":"bid","price":0.00024041,"amount":1728.40681608,"tid":200000918,"timestamp":1643069652},{"type":"bid","price":0.00024041,"amount":4835.73140837,"tid":200000917,"timestamp":1643069644},{"type":"bid","price":0.00024041,"amount":88272.64609353,"tid":200000916,"timestamp":1643069635},{"type":"bid","price":0.00024041,"amount":8157.09156845,"tid":200000915,"timestamp":1643069635},{"type":"bid","price":0.00024041,"amount":33235.33333327,"tid":200000914,"timestamp":1643069635},{"type":"ask","price":0.00024041,"amount":20756.29121084,"tid":200000913,"timestamp":1643069635},{"type":"ask","price":0.000198,"amount":1879.9685189,"tid":200000912,"timestamp":1642994666},{"type":"ask","price":0.00019809,"amount":505.32586198,"tid":200000911,"timestamp":1642994665},{"type":"ask","price":0.00033551,"amount":285.38800159,"tid":200000910,"timestamp":1642994665},{"type":"ask","price":0.00034722,"amount":288.00187201,"tid":200000909,"timestamp":1642994665},{"type":"ask","price":0.00035,"amount":286,"tid":200000908,"timestamp":1642994665},{"type":"ask","price":0.0004235,"amount":236.36363636,"tid":200000907,"timestamp":1642994665},{"type":"ask","price":0.00042353,"amount":472.22156635,"tid":200000906,"timestamp":1642994665},{"type":"ask","price":0.00045001,"amount":1038,"tid":200000905,"timestamp":1642994665},{"type":"ask","price":0.00045002,"amount":1333.24445036,"tid":200000904,"timestamp":1642994665},{"type":"ask","price":0.00045002,"amount":1555.45185876,"tid":200000903,"timestamp":1642994665},{"type":"ask","price":0.00069444,"amount":144.00093744,"tid":200000902,"timestamp":1642994665},{"type":"ask","price":0.00069445,"amount":2078.78729625,"tid":200000901,"timestamp":1642994665},{"type":"ask","price":0.00069445,"amount":1400.8,"tid":200000900,"timestamp":1642824872},{"type":"ask","price":0.00069445,"amount":408.3816,"tid":200000899,"timestamp":1642824844},{"type":"ask","price":0.00045002,"amount":5000.5768463,"tid":200000898,"timestamp":1642334069},{"type":"bid","price":0.0024,"amount":243.7539052,"tid":200000897,"timestamp":1639891972},{"type":"bid","price":0.0024,"amount":333,"tid":200000896,"timestamp":1639891899},{"type":"bid","price":0.00154567,"amount":500,"tid":200000895,"timestamp":1639825365},{"type":"bid","price":0.00154567,"amount":12856.722792,"tid":200000894,"timestamp":1639801416},{"type":"bid","price":0.00154567,"amount":1907.81015985,"tid":200000893,"timestamp":1639801416},{"type":"bid","price":0.00042354,"amount":1576.93360908,"tid":200000892,"timestamp":1639800333},{"type":"bid","price":0.00042354,"amount":29961.73857249,"tid":200000891,"timestamp":1639800325},{"type":"bid","price":0.00042354,"amount":16656.45209742,"tid":200000890,"timestamp":1639800325},{"type":"ask","price":0.00042354,"amount":5902.63021202,"tid":200000889,"timestamp":1639800324},{"type":"ask","price":0.00064952,"amount":554.78271594,"tid":200000888,"timestamp":1639191075},{"type":"bid","price":0.00064952,"amount":222.21728406,"tid":200000887,"timestamp":1639020765},{"type":"bid","price":0.00077777,"amount":383.42844158,"tid":200000886,"timestamp":1638856319},{"type":"bid","price":0.00077777,"amount":153.97868263,"tid":200000885,"timestamp":1638856315},{"type":"ask","price":0.0015,"amount":73.33333333,"tid":200000884,"timestamp":1638295663},{"type":"ask","price":0.001558,"amount":1316.92142765,"tid":200000883,"timestamp":1638295656},{"type":"ask","price":0.001558,"amount":100,"tid":200000882,"timestamp":1638295656},{"type":"ask","price":0.00155801,"amount":64.18444682,"tid":200000881,"timestamp":1638295656},{"type":"ask","price":0.00155803,"amount":0.00750739,"tid":200000880,"timestamp":1638295656},{"type":"ask","price":0.00155803,"amount":1377.51822703,"tid":200000879,"timestamp":1638295656},{"type":"ask","price":0.00155813,"amount":737.1,"tid":200000878,"timestamp":1636986578},{"type":"bid","price":0.00258034,"amount":45.42363976,"tid":200000877,"timestamp":1636263370},{"type":"bid","price":0.00155802,"amount":11352.85360236,"tid":200000876,"timestamp":1635630287},{"type":"ask","price":0.00155802,"amount":6910.69411176,"tid":200000875,"timestamp":1635630287},{"type":"ask","price":0.00155802,"amount":980,"tid":200000874,"timestamp":1635377699},{"type":"bid","price":0.002163,"amount":292.20188951,"tid":200000873,"timestamp":1634914942},{"type":"ask","price":0.00240333,"amount":162.71287412,"tid":200000872,"timestamp":1634914936},{"type":"ask","price":0.00240333,"amount":448.54564888,"tid":200000871,"timestamp":1634855588},{"type":"ask","price":0.00240333,"amount":71.7352919,"tid":200000870,"timestamp":1634823874},{"type":"ask","price":0.00240333,"amount":318.69867011,"tid":200000869,"timestamp":1634757434},{"type":"ask","price":0.00241334,"amount":41.43635376,"tid":200000868,"timestamp":1634757434},{"type":"ask","price":0.002418,"amount":100,"tid":200000867,"timestamp":1634757434},{"type":"bid","price":0.0024292,"amount":460.13502387,"tid":200000866,"timestamp":1634754519},{"type":"ask","price":0.0024292,"amount":73.79258888,"tid":200000865,"timestamp":1634744539},{"type":"ask","price":0.00241801,"amount":69.27250001,"tid":200000864,"timestamp":1634583033},{"type":"ask","price":0.00312355,"amount":320.1485484,"tid":200000863,"timestamp":1634475769},{"type":"ask","price":0.00345906,"amount":289.09588154,"tid":200000862,"timestamp":1634472091},{"type":"ask","price":0.00345907,"amount":565.89339909,"tid":200000861,"timestamp":1634472091},{"type":"bid","price":0.00405908,"amount":1000.00000001,"tid":200000860,"timestamp":1634419963},{"type":"bid","price":0.00488107,"amount":387.57251891,"tid":200000859,"timestamp":1633827893},{"type":"bid","price":0.0040703,"amount":949.42456006,"tid":200000858,"timestamp":1633827893},{"type":"ask","price":0.0040703,"amount":245.68213645,"tid":200000857,"timestamp":1633827864},{"type":"ask","price":0.0040703,"amount":54.89330349,"tid":200000856,"timestamp":1633827864},{"type":"ask","price":0.00488107,"amount":20.34068754,"tid":200000855,"timestamp":1633777321},{"type":"ask","price":0.00488107,"amount":193.23653169,"tid":200000854,"timestamp":1633777292},{"type":"ask","price":0.00488107,"amount":193.23653169,"tid":200000853,"timestamp":1633777292},{"type":"bid","price":0.00488107,"amount":33.18624908,"tid":200000852,"timestamp":1633777291},{"type":"bid","price":0.00488107,"amount":110,"tid":200000851,"timestamp":1633777018},{"type":"bid","price":0.00488107,"amount":250.18325144,"tid":200000850,"timestamp":1633776962},{"type":"bid","price":0.00488107,"amount":249.81674856,"tid":200000849,"timestamp":1633776962},{"type":"bid","price":0.00488107,"amount":100,"tid":200000848,"timestamp":1633776948},{"type":"bid","price":0.00488107,"amount":100,"tid":200000847,"timestamp":1633776941},{"type":"bid","price":0.00488107,"amount":105.7346918,"tid":200000846,"timestamp":1633776512},{"type":"bid","price":0.00346,"amount":100,"tid":200000845,"timestamp":1633662056},{"type":"bid","price":0.00240335,"amount":597.59651472,"tid":200000844,"timestamp":1633209647},{"type":"bid","price":0.00240335,"amount":1049.06693973,"tid":200000843,"timestamp":1633208473},{"type":"ask","price":0.00240335,"amount":41.60859217,"tid":200000842,"timestamp":1633208464},{"type":"ask","price":0.00240335,"amount":369.72795338,"tid":200000841,"timestamp":1633208464},{"type":"ask","price":0.00240335,"amount":46.35792674,"tid":200000840,"timestamp":1633179227},{"type":"ask","price":0.00240335,"amount":1050.05052946,"tid":200000839,"timestamp":1633179227},{"type":"ask","price":0.00260335,"amount":97.07976997,"tid":200000838,"timestamp":1633179226},{"type":"ask","price":0.002628,"amount":150,"tid":200000837,"timestamp":1633179226},{"type":"ask","price":0.00262801,"amount":38.05160939,"tid":200000836,"timestamp":1633179226},{"type":"ask","price":0.00270001,"amount":299.33750647,"tid":200000835,"timestamp":1633179226},{"type":"ask","price":0.00270002,"amount":370.367626,"tid":200000834,"timestamp":1633179226},{"type":"ask","price":0.00270002,"amount":555.55144036,"tid":200000833,"timestamp":1633179226},{"type":"ask","price":0.00270001,"amount":700.66249353,"tid":200000832,"timestamp":1633042305},{"type":"ask","price":0.00270005,"amount":74.07270235,"tid":200000831,"timestamp":1633042305},{"type":"ask","price":0.00270006,"amount":222.21728406,"tid":200000830,"timestamp":1633042305},{"type":"ask","price":0.00347411,"amount":287.843505,"tid":200000829,"timestamp":1633042305},{"type":"ask","price":0.00347412,"amount":431.76401506,"tid":200000828,"timestamp":1633042304},{"type":"ask","price":0.00347411,"amount":200,"tid":200000827,"timestamp":1632654685},{"type":"ask","price":0.00289351,"amount":276.4809927,"tid":200000826,"timestamp":1632481303},{"type":"ask","price":0.00289352,"amount":380.15923823,"tid":200000825,"timestamp":1632481303}]}